<?xml version="1.0" encoding="UTF-8"?><collection xmlns="http://www.loc.gov/MARC21/slim"><record><leader>00449nam--2200145-i-4500</leader><controlfield tag="001">000010270</controlfield><controlfield tag="002">20161230</controlfield><controlfield tag="005">20161230201028</controlfield><controlfield tag="008">060222s1000------------r-----000-0-eng-d</controlfield><datafield ind1=" " ind2=" " tag="080"><subfield code="a">542.1:541.28</subfield></datafield><datafield ind1=" " ind2=" " tag="100"><subfield code="a">Berinde, A./S.A.</subfield></datafield><datafield ind1=" " ind2=" " tag="245"><subfield code="a">Lucrari practice de fizica radioizotopilor</subfield></datafield><datafield ind1=" " ind2=" " tag="260"><subfield code="a">Bucuresti, Institutul De Fizica Atomica Al Aca Demiei R.P.R., 1960 124 P</subfield></datafield><datafield ind1=" " ind2=" " tag="490"><subfield code="a">Cursurile Pentru Utilizarea Izotopilor Radioac Tivi</subfield></datafield><datafield ind1=" " ind2=" " tag="852"><subfield code="a">37378</subfield></datafield></record></collection>